@book{Kochenderfer2022,
   author = {Mykel J. Kochenderfer and Tim A. Wheeler and Kyle H. Wray},
   city = {Cambridge},
   publisher = {MIT Press},
   title = {Algorithms for Decision Making},
   year = {2022}
}
@misc{figop,
      title={FIG-OP: Exploring Large-Scale Unknown Environments on a Fixed Time Budget}, 
      author={Oriana Peltzer and Amanda Bouman and Sung-Kyun Kim and Ransalu Senanayake and Joshua Ott and Harrison Delecki and Mamoru Sobue and Mykel Kochenderfer and Mac Schwager and Joel Burdick and Ali-akbar Agha-mohammadi},
      year={2022},
      eprint={2203.06316},
      archivePrefix={arXiv},
      primaryClass={cs.RO},
      url={https://arxiv.org/abs/2203.06316}, 
}
@misc{Slam2023,
      title={A Survey on Active Simultaneous Localization and Mapping: State of the Art and New Frontiers}, 
      author={Julio A. Placed and Jared Strader and Henry Carrillo and Nikolay Atanasov and Vadim Indelman and Luca Carlone and Jos√© A. Castellanos},
      year={2023},
      eprint={2207.00254},
      archivePrefix={arXiv},
      primaryClass={cs.RO},
      url={https://arxiv.org/abs/2207.00254}, 
}
@INBOOK{6284837,
  author={Kurniawati, Hanna and Hsu, David and Lee, Wee Sun},
  booktitle={Robotics: Science and Systems IV}, 
  title={SARSOP: Efficient Point-Based POMDP Planning by Approximating Optimally Reachable Belief Spaces}, 
  year={2009},
  volume={},
  number={},
  pages={65-72},
  keywords={},
  doi={}}
